@misc{wiki_otto,
   author = {Wikipedia},
   title = {{Otto Wiener (physicist)}},
   year = "2014",
   howpublished  = "\url{http://en.wikipedia.org/wiki/Otto_Wiener_%28physicist%29}",
   note = "[Online]"
}
@misc {encyclopedia_otto,
	author = "Complete Dictionary of Scientific Biography",
	year = "2015",
	title = "Wiener, Otto",
	howpublished  = "\url{http://www.encyclopedia.com/doc/1G2-2830904649.html}"
	note = "[Online]"
}
@misc {skullsinthestars,
	author = "Skullsinthestars",
	year = "2008",
	title = "Classic Science Paper: Otto Wienerâ€™s experiment (1890)",
	howpublished  = "\url{http://www.encyclopedia.com/doc/1G2-2830904649.html}"
	note = "[Online]"
}
@TechReport{report,
	author = {Minsung Kim, Byoung Joo Kim, Hwan Hong Lim, Krishnamoorthy Pandiyan and Myoungsik Cha},
	title = {Demonstration of a Standing Light Wave with a Laser Pointer},
	institution = {Department of Physics, Pusan National University, Busan 609-735},
	year = {2010},
}




